<?xml version="1.0" encoding="UTF-8"?><collection xmlns="http://www.loc.gov/MARC21/slim"><record><leader>00335nam--2200133-i-4500</leader><controlfield tag="001">000004036</controlfield><controlfield tag="002">20161230</controlfield><controlfield tag="005">20161230201025</controlfield><controlfield tag="008">060222s1000------------r-----000-0-eng-d</controlfield><datafield ind1=" " ind2=" " tag="100"><subfield code="a">Deribere, Maurice</subfield></datafield><datafield ind1=" " ind2=" " tag="245"><subfield code="a">Le titane et ses composes dans l industrie 2-e edition</subfield></datafield><datafield ind1=" " ind2=" " tag="260"><subfield code="a">Paris, Dunod, 1954</subfield></datafield><datafield ind1=" " ind2=" " tag="490"><subfield code="a">Ix+276p</subfield></datafield><datafield ind1=" " ind2=" " tag="852"><subfield code="a">13185</subfield></datafield></record></collection>